@techreport{agrawalexploring,
  title={Exploring convolutional neural networks for automatic image colorization},
  author={Agrawal, Mahesh and Sawhney, Kartik}
}

@article{Nazeri_2018,
   title={Image Colorization Using Generative Adversarial Networks},
   ISBN={9783319945446},
   ISSN={1611-3349},
   url={http://dx.doi.org/10.1007/978-3-319-94544-6_9},
   DOI={10.1007/978-3-319-94544-6_9},
   journal={Lecture Notes in Computer Science},
   publisher={Springer International Publishing},
   author={Nazeri, Kamyar and Ng, Eric and Ebrahimi, Mehran},
   year={2018},
   pages={85â€“94}
}

@article{DBLP:journals/corr/IsolaZZE16,
  author    = {Phillip Isola and
               Jun{-}Yan Zhu and
               Tinghui Zhou and
               Alexei A. Efros},
  title     = {Image-to-Image Translation with Conditional Adversarial Networks},
  journal   = {CoRR},
  volume    = {abs/1611.07004},
  year      = {2016},
  url       = {http://arxiv.org/abs/1611.07004},
  archivePrefix = {arXiv},
  eprint    = {1611.07004},
  timestamp = {Mon, 13 Aug 2018 16:49:05 +0200},
  biburl    = {https://dblp.org/rec/journals/corr/IsolaZZE16.bib},
  bibsource = {dblp computer science bibliography, https://dblp.org}
}

@article{DBLP:journals/corr/ZhangIE16,
  author    = {Richard Zhang and
               Phillip Isola and
               Alexei A. Efros},
  title     = {Colorful Image Colorization},
  journal   = {CoRR},
  volume    = {abs/1603.08511},
  year      = {2016},
  url       = {http://arxiv.org/abs/1603.08511},
  archivePrefix = {arXiv},
  eprint    = {1603.08511},
  timestamp = {Wed, 14 Aug 2019 08:23:33 +0200},
  biburl    = {https://dblp.org/rec/journals/corr/ZhangIE16.bib},
  bibsource = {dblp computer science bibliography, https://dblp.org}
}

@article{DBLP:journals/corr/ZhuPIE17,
  author    = {Jun{-}Yan Zhu and
               Taesung Park and
               Phillip Isola and
               Alexei A. Efros},
  title     = {Unpaired Image-to-Image Translation using Cycle-Consistent Adversarial
               Networks},
  journal   = {CoRR},
  volume    = {abs/1703.10593},
  year      = {2017},
  url       = {http://arxiv.org/abs/1703.10593},
  archivePrefix = {arXiv},
  eprint    = {1703.10593},
  timestamp = {Mon, 13 Aug 2018 16:48:06 +0200},
  biburl    = {https://dblp.org/rec/journals/corr/ZhuPIE17.bib},
  bibsource = {dblp computer science bibliography, https://dblp.org}
}
